<marc:record xsi:schemaLocation="http://www.loc.gov/MARC21/slim http://www.loc.gov/standards/marcxml/schema/MARC21slim.xsd"> <marc:leader>     nam  22     uu 4500</marc:leader>
   <controlfield tag="001">4175194</controlfield><marc:controlfield tag="008">      s   |||||||||||||||||en||</marc:controlfield>
   <marc:datafield tag="245" ind1="1" ind2="0">
      <marc:subfield code="a">In-situ and ex-situ EPS-corona formation on ZnO QDs mitigates their environmental toxicity in the freshwater microalgae Chlorella sp.</marc:subfield>
   </marc:datafield>
   <datafield tag="856" ind1="4" ind2=" "><subfield code="a">01. Full text</subfield><subfield code="u">item_4175195_OBJ.pdf</subfield><subfield code="l">info:eu-repo/semantics/embargoedAccess</subfield><subfield code="z">embargo:2025-09-15</subfield><subfield code="r">https://hdl.handle.net/1887/license:4</subfield><subfield code="z">version:Accepted Manuscript</subfield><subfield code="g">fileid:1339701337</subfield></datafield></marc:record></marc:collection>